@misc{yelp2020,
  author = {{Yelp Inc.}},
  title = {{Yelp Dataset}},
  year = {2020},
  note = {\url{https://www.yelp.com/dataset}},
}

@article{chernev2015choice,
  title={Choice overload: A conceptual review and meta-analysis},
  author={Chernev, Alexander and B{\"o}ckenholt, Ulf and Goodman, Joseph},
  journal={Journal of Consumer Psychology},
  volume={25},
  number={2},
  pages={333--358},
  year={2015},
  publisher={Elsevier}
}

@article{burke2002hybrid,
  title={Hybrid recommender systems: Survey and experiments},
  author={Burke, Robin},
  journal={User modeling and user-adapted interaction},
  volume={12},
  number={4},
  pages={331--370},
  year={2002},
  publisher={Springer}
}

@article{su2009survey,
  title={A survey of collaborative filtering techniques},
  author={Su, Xiaoyuan and Khoshgoftaar, Taghi M},
  journal={Advances in artificial intelligence},
  volume={2009},
  year={2009},
  publisher={Hindawi}
}

@incollection{abdollahi2018transparency,
  title={Transparency in fair machine learning: the case of explainable recommender systems},
  author={Abdollahi, Behnoush and Nasraoui, Olfa},
  booktitle={Human and machine learning},
  pages={21--35},
  year={2018},
  publisher={Springer}
}

@misc{sawant2013yelp,
  title={Yelp food recommendation system},
  author={Sawant, Sumedh and Pai, Gina},
  year={2013},
  publisher={stanford machine learning project (CS229)(2013). http://cs229. stanford. edu~â€¦}
}

@unpublished{mcdpk2016,
  title = {Recommender System for Yelp Dataset},
  author = {De Paolis Kaluza, M. Clara},
  note = {unpublished},
  year = {2016}
}

@unpublished{yulelee2016,
  title = {Predicting Yelp User's Rating Based on Previous Reviews},
  author = {Li, Yue, and Song, Haomiao},
  note = {unpublished},
  year = {2016}
}

@incollection{shani2011evaluating,
  title={Evaluating recommendation systems},
  author={Shani, Guy and Gunawardana, Asela},
  booktitle={Recommender systems handbook},
  pages={257--297},
  year={2011},
  publisher={Springer}
}

@inproceedings{ge2010beyond,
  title={Beyond accuracy: evaluating recommender systems by coverage and serendipity},
  author={Ge, Mouzhi and Delgado-Battenfeld, Carla and Jannach, Dietmar},
  booktitle={Proceedings of the fourth ACM conference on Recommender systems},
  pages={257--260},
  year={2010}
}

@article{kaminskas2016diversity,
  title={Diversity, serendipity, novelty, and coverage: a survey and empirical analysis of beyond-accuracy objectives in recommender systems},
  author={Kaminskas, Marius and Bridge, Derek},
  journal={ACM Transactions on Interactive Intelligent Systems (TiiS)},
  volume={7},
  number={1},
  pages={1--42},
  year={2016},
  publisher={ACM New York, NY, USA}
}

@article{gottlieb2013method,
  title={A method for inferring medical diagnoses from patient similarities},
  author={Gottlieb, Assaf and Stein, Gideon Y and Ruppin, Eytan and Altman, Russ B and Sharan, Roded},
  journal={BMC medicine},
  volume={11},
  number={1},
  pages={1--10},
  year={2013},
  publisher={BioMed Central}
}

@article{wiesner2014health,
  title={Health recommender systems: concepts, requirements, technical basics and challenges},
  author={Wiesner, Martin and Pfeifer, Daniel},
  journal={International journal of environmental research and public health},
  volume={11},
  number={3},
  pages={2580--2607},
  year={2014},
  publisher={Multidisciplinary Digital Publishing Institute}
}

@article{merchant2019evaluating,
  title={Evaluating the predictability of medical conditions from social media posts},
  author={Merchant, Raina M and Asch, David A and Crutchley, Patrick and Ungar, Lyle H and Guntuku, Sharath C and Eichstaedt, Johannes C and Hill, Shawndra and Padrez, Kevin and Smith, Robert J and Schwartz, H Andrew},
  journal={PloS one},
  volume={14},
  number={6},
  pages={e0215476},
  year={2019},
  publisher={Public Library of Science}
}

@article{zhang2019deep,
  title={Deep learning based recommender system: A survey and new perspectives},
  author={Zhang, Shuai and Yao, Lina and Sun, Aixin and Tay, Yi},
  journal={ACM Computing Surveys (CSUR)},
  volume={52},
  number={1},
  pages={1--38},
  year={2019},
  publisher={ACM New York, NY, USA}
}
